@article{baha:sava:1956,
title = {The Nonexistence of Certain Statistical Procedures 
             in Nonparametric Problems},
author = {R. R. Bahadur and L. J. Savage},
journal = {Annals of Mathematical Statistics}, 
volume = 27, 
number = 4,
year   = 1956,
pages  = {1115--1122}
}
                  
@article{hall:1986,
    Journal = {The Annals of Statistics},
    Volume = 14,
    Pages = {1431--1452},
    Keywords = {Central limit theorem; Edgeworth expansion; Studentized
               statistic},
    Author = {P. Hall},
    Title = {On the Bootstrap and Confidence Intervals},
    Year = 1986
}

@book{lin:bai:2011,
author = {Z. Lin and Z. Bai},
year   = 2011,
title   = {Probability Inequalities},
publisher = {Springer}, 
address = {Beijing}
}

@book{mccu:1987,
author = {P. McCullagh},
year   = 1987,
title  = {Tensor methods in statistics},
publisher = {Chapman and Hall},
address = {London}
}

@book{mill:1986,
author = {R. G. Miller},
title = {Beyond {ANOVA}: Basics of Applied Statistics},
publisher = {Wiley},
address= {New York},
year  = 1986,
}

@book{sieg:1985,
 author = {D. Siegmund},
 year   = 1985,
 title  = {Sequential Analysis: tests and confidence intervals},
 publisher = {Springer-Verlag},
 address = {New York}
}
