@article{baha:sava:1956,
title = {The Nonexistence of Certain Statistical Procedures 
             in Nonparametric Problems},
author = {R. R. Bahadur and L. J. Savage},
journal = {Annals of Mathematical Statistics}, 
volume = 27, 
number = 4,
year   = 1956,
pages  = {1115--1122}
}
                  
@article{chow:robb:1965,
author = {Y. S. Chow and H. Robbins},
year   = 1965,
title  = {On the asymptotic theory of fixed-width sequential
confidence intervals for the mean},
journal= {Annals of Mathematical Statistics},
volume = 36,
pages  = {457--42}
}


@article{hall:1986,
    Journal = {The Annals of Statistics},
    Volume = 14,
    Pages = {1431--1452},
    Keywords = {Central limit theorem; Edgeworth expansion; Studentized
               statistic},
    Author = {P. Hall},
    Title = {On the Bootstrap and Confidence Intervals},
    Year = 1986
}

@book{lin:bai:2011,
author = {Z. Lin and Z. Bai},
year   = 2011,
title   = {Probability Inequalities},
publisher = {Springer}, 
address = {Beijing}
}

@book{mccu:1987,
author = {P. McCullagh},
year   = 1987,
title  = {Tensor methods in statistics},
publisher = {Chapman and Hall},
address = {London}
}

@book{mill:1986,
author = {R. G. Miller},
title = {Beyond {ANOVA}: Basics of Applied Statistics},
publisher = {Wiley},
address= {New York},
year  = 1986,
}

@article{mukh:datt:1996,
author = {N. Mukhopadhyay and S. Datta},
year   = 1996,
title  = {On sequential fixed-width confidence intervals for the
 mean and second-order expansions of the associated coverage
 probabilities},
journal= {Annals of the Institute of Statistical Mathematics},
volume = 48,
number = 3,
pages  = {497--507}
}

@book{sieg:1985,
 author = {D. Siegmund},
 year   = 1985,
 title  = {Sequential Analysis: tests and confidence intervals},
 publisher = {Springer-Verlag},
 address = {New York}
}

@article{serf:wack:1976,
author = {R. J. Serfling and D. D. Wackerly},
year   = 1976,
title  = {Asymptotic Theory of Sequential Fixed-Width Confidence Procedures},
journal= {Journal of the American Statistical Association},
volume = 71,
number = 356,
pages  = {949--955}
}

@article{stei:1945,
author = {C. Stein},
year   = 1945,
title  = {A two sample test for a linear hypothesis whose power is
independent of the variance},
journal= {Annals of Mathematical Statistics},
volume = 16,
pages  = {243--258}
}


@article{stei:1949,
author = {C. Stein},
year   = 1949,
title  = {Some problems in sequential estimation},
journal= {Econometrica},
volume = 17,
pages  = 77--78
}

